@inproceedings{balabanov2015slot,
  title={Slot machines RTP optimization with genetic algorithms},
  author={Balabanov, Todor and Zankinski, Iliyan and Shumanov, Bozhidar},
  booktitle={Numerical Methods and Applications: 8th International Conference, NMA 2014, Borovets, Bulgaria, August 20-24, 2014, Revised Selected Papers 8},
  pages={55--61},
  year={2015},
  organization={Springer}
}
@inproceedings{balabanovDDE,
  title={Slot machine RTP optimization and symbols wins equalization with discrete differential evolution},
  author={Balabanov, Todor and Zankinski, Iliyan and Shumanov, Bozhidar},
  booktitle={Large-Scale Scientific Computing: 10th International Conference, LSSC 2015, Sozopol, Bulgaria, June 8-12, 2015. Revised Selected Papers 10},
  pages={210--217},
  year={2015},
  organization={Springer}
}
@article{kamanas2021slot,
  title={Slot machine RTP optimization using variable neighborhood search},
  author={Kamanas, Pantelis-Arsenios and Sifaleras, Angelo and Samaras, Nikolaos},
  journal={Mathematical Problems in Engineering},
  volume={2021},
  pages={1--8},
  year={2021},
  publisher={Hindawi Limited}
}
@inproceedings{keremedchiev2017slot,
  title={Slot machine base game evolutionary RTP optimization},
  author={Keremedchiev, Delyan and Tomov, Petar and Barova, Maria},
  booktitle={Numerical Analysis and Its Applications: 6th International Conference, NAA 2016, Lozenetz, Bulgaria, June 15-22, 2016, Revised Selected Papers 6},
  pages={406--413},
  year={2017},
  organization={Springer}
}
@inproceedings{tomov2017slot,
  title={Slot machine reels reconstruction with Monte-Carlo search},
  author={Tomov, Petar and Zankinski, Iliyan and Balabanov, Todor},
  booktitle={Proc. Int. Sci. Conf. UniTech},
  volume={2},
  pages={384--387},
  year={2017}
}